@book{acheson1990elementary,
  title={Elementary fluid dynamics: Oxford University Press},
  author={Acheson, DJ},
  year={1990},
  publisher={Oxford, England}
}

@book{batchelor2000introduction,
  title={An Introduction to Fluid Dynamics},
  author={Batchelor, G.K.},
  isbn={9780521663960},
  lccn={67021953},
  series={Cambridge Mathematical Library},
    year={2000},
  publisher={Cambridge University Press}
}

@book{chorin1990mathematical,
  title={A mathematical introduction to fluid mechanics},
  author={Chorin, Alexandre Joel and Marsden, Jerrold E and Marsden, Jerrold E},
  year={1990},
  edition={3rd},
  publisher={Springer}
}

@book{falkovich_2018, place={Cambridge}, edition={2}, title={Fluid Mechanics}, DOI={10.1017/9781316416600}, publisher={Cambridge University Press}, author={Falkovich, Gregory}, year={2018}}

@book{salmon1998lectures,
  title={Lectures on geophysical fluid dynamics},
  author={Salmon, Rick},
  year={1998},
  publisher={Oxford University Press}
}

@book{van1982album,
  title={An Album of Fluid Motion},
  author={Van Dyke, M.},
  number={pt. 2},
  isbn={9780915760022},
  lccn={81083088},
  series={An Album of Fluid Motion},
  url={https://books.google.com/books?id=cWoeAQAAIAAJ},
  year={1982},
  publisher={Parabolic Press}
}

@article{doi:10.1063/PT.3.1258,
author = {Bolster,Diogo  and Hershberger,Robert E.  and Donnelly,Russell J. },
title = {Dynamic similarity, the dimensionless science},
journal = {Physics Today},
volume = {64},
number = {9},
pages = {42-47},
year = {2011},
doi = {10.1063/PT.3.1258},
URL = {https://doi.org/10.1063/PT.3.1258},
}